@misc{tensorflow,
	title={ {TensorFlow}: Large-Scale Machine Learning on Heterogeneous Systems},
	url={http://tensorflow.org/},
	note={Software available from tensorflow.org},
	author={
		Mart\'{\i}n~Abadi and
		Ashish~Agarwal and
		Paul~Barham and
		Eugene~Brevdo and
		Zhifeng~Chen and
		Craig~Citro and
		Greg~S.~Corrado and
		Andy~Davis and
		Jeffrey~Dean and
		Matthieu~Devin and
		Sanjay~Ghemawat and
		Ian~Goodfellow and
		Andrew~Harp and
		Geoffrey~Irving and
		Michael~Isard and
		Yangqing Jia and
		Rafal~Jozefowicz and
		Lukasz~Kaiser and
		Manjunath~Kudlur and
		Josh~Levenberg and
		Dan~Man\'{e} and
		Rajat~Monga and
		Sherry~Moore and
		Derek~Murray and
		Chris~Olah and
		Mike~Schuster and
		Jonathon~Shlens and
		Benoit~Steiner and
		Ilya~Sutskever and
		Kunal~Talwar and
		Paul~Tucker and
		Vincent~Vanhoucke and
		Vijay~Vasudevan and
		Fernanda~Vi\'{e}gas and
		Oriol~Vinyals and
		Pete~Warden and
		Martin~Wattenberg and
		Martin~Wicke and
		Yuan~Yu and
		Xiaoqiang~Zheng},
	  year={2015},
}

@article{learningtorl,
author    = {Jane X. Wang and
Zeb Kurth{-}Nelson and
Dhruva Tirumala and
Hubert Soyer and
Joel Z. Leibo and
R{\'{e}}mi Munos and
Charles Blundell and
Dharshan Kumaran and
Matt Botvinick},
title     = {Learning to reinforcement learn},
journal   = {CoRR},
volume    = {abs/1611.05763},
year      = {2016},
url       = {http://arxiv.org/abs/1611.05763},
timestamp = {Thu, 01 Dec 2016 19:32:08 +0100},
biburl    = {http://dblp.uni-trier.de/rec/bib/journals/corr/WangKTSLMBKB16},
bibsource = {dblp computer science bibliography, http://dblp.org}
}

@article{fastrlviaslowrl,
author    = {Yan Duan and
John Schulman and
Xi Chen and
Peter L. Bartlett and
Ilya Sutskever and
Pieter Abbeel},
title     = {RL$^2$: Fast Reinforcement Learning via
Slow Reinforcement Learning},
journal   = {CoRR},
volume    = {abs/1611.02779},
year      = {2016},
url       = {http://arxiv.org/abs/1611.02779},
timestamp = {Thu, 01 Dec 2016 19:32:08 +0100},
biburl    = {http://dblp.uni-trier.de/rec/bib/journals/corr/DuanSCBSA16},
bibsource = {dblp computer science bibliography, http://dblp.org}
}


@article{dqn,
  author    = {Volodymyr Mnih and
               Koray Kavukcuoglu and
               David Silver and
               Alex Graves and
               Ioannis Antonoglou and
               Daan Wierstra and
               Martin A. Riedmiller},
  title     = {Playing Atari with Deep Reinforcement Learning},
  journal   = {CoRR},
  volume    = {abs/1312.5602},
  year      = {2013},
  url       = {http://arxiv.org/abs/1312.5602},
  timestamp = {Wed, 01 Apr 2015 20:06:15 +0200},
  biburl    = {http://dblp.uni-trier.de/rec/bib/journals/corr/MnihKSGAWR13},
  bibsource = {dblp computer science bibliography, http://dblp.org}
}


@article{dqn_nature,
  added-at = {2015-08-26T14:46:40.000+0200},
  author = {Mnih, Volodymyr and Kavukcuoglu, Koray and Silver, David and Rusu, Andrei A. and Veness, Joel and Bellemare, Marc G. and Graves, Alex and Riedmiller, Martin and Fidjeland, Andreas K. and Ostrovski, Georg and Petersen, Stig and Beattie, Charles and Sadik, Amir and Antonoglou, Ioannis and King, Helen and Kumaran, Dharshan and Wierstra, Daan and Legg, Shane and Hassabis, Demis},
  biburl = {https://www.bibsonomy.org/bibtex/2fb15f4471c81dc2b9edf2304cb2f7083/hotho},
  description = {Human-level control through deep reinforcement learning - nature14236.pdf},
  interhash = {eac59980357d99db87b341b61ef6645f},
  intrahash = {fb15f4471c81dc2b9edf2304cb2f7083},
  issn = {00280836},
  journal = {Nature},
  keywords = {deep learning toread},
  month = feb,
  number = 7540,
  pages = {529--533},
  publisher = {Nature Publishing Group, a division of Macmillan Publishers Limited. All Rights Reserved.},
  timestamp = {2015-08-26T14:46:40.000+0200},
  title = {Human-level control through deep reinforcement learning},
  url = {http://dx.doi.org/10.1038/nature14236},
  volume = 518,
  year = 2015
}

@article{doom,
  author    = {Guillaume Lample and
               Devendra Singh Chaplot},
  title     = {Playing {FPS} Games with Deep Reinforcement Learning},
  journal   = {CoRR},
  volume    = {abs/1609.05521},
  year      = {2016},
  url       = {http://arxiv.org/abs/1609.05521},
  timestamp = {Mon, 03 Oct 2016 17:51:10 +0200},
  biburl    = {http://dblp.uni-trier.de/rec/bib/journals/corr/LampleC16},
  bibsource = {dblp computer science bibliography, http://dblp.org}
}
@inproceedings{vizdoom,
  author    = {Micha{\l} Kempka and Marek Wydmuch and Grzegorz Runc and Jakub Toczek and Wojciech Ja\'skowski},
  title     = {{ViZDoom}: A {D}oom-based {AI} Research Platform for Visual Reinforcement Learning},
  booktitle = {IEEE Conference on Computational Intelligence and Games},  
  year      = {2016},
  url       = {http://arxiv.org/abs/1605.02097},
  address   = {Santorini, Greece},
  Month     = {Sep},
  Pages     = {341--348},
  Publisher = {IEEE},
  Note      = {The best paper award}
}
@article{a3c,
Author = {Mnih, V. and Puigdomenech Badia, A. and Mirza, M. and 
Graves, A. and Lillicrap, T.~P. and Harley, T. and Silver, D. and 
Kavukcuoglu, K.},
title = "{Asynchronous Methods for Deep Reinforcement Learning}",
journal = {ArXiv preprint arXiv:1602.01783},
year = {2016}
}

@book{suttonbarto,
author = {Sutton, Richard S. and Barto, Andrew G.},
title = {Introduction to Reinforcement Learning},
year = {1998},
isbn = {0262193981},
edition = {1st},
publisher = {MIT Press},
address = {Cambridge, MA, USA},
} 

@phdthesis{qlearning,
  added-at = {2009-06-26T15:25:19.000+0200},
  address = {Cambridge, UK},
  author = {Watkins, Christopher J. C. H.},
  biburl = {https://www.bibsonomy.org/bibtex/23213297b3846511f063850bef4b72b24/butz},
  description = {diverse cognitive systems bib},
  interhash = {ca824d64b71939208358edb4a26f8351},
  intrahash = {3213297b3846511f063850bef4b72b24},
  keywords = {imported},
  school = {King's College},
  timestamp = {2009-06-26T15:26:00.000+0200},
  title = {Learning from Delayed Rewards},
  year = 1989
}

@TECHREPORT{sarsa,
    author = {G. A. Rummery and M. Niranjan},
    title = {On-Line Q-Learning Using Connectionist Systems},
    institution = {},
    year = {1994}
}

@article{learningtonavigate,
  author    = {Piotr Mirowski and
               Razvan Pascanu and
               Fabio Viola and
               Hubert Soyer and
               Andrew J. Ballard and
               Andrea Banino and
               Misha Denil and
               Ross Goroshin and
               Laurent Sifre and
               Koray Kavukcuoglu and
               Dharshan Kumaran and
               Raia Hadsell},
  title     = {Learning to Navigate in Complex Environments},
  journal   = {CoRR},
  volume    = {abs/1611.03673},
  year      = {2016},
  url       = {http://arxiv.org/abs/1611.03673},
  timestamp = {Thu, 01 Dec 2016 19:32:08 +0100},
  biburl    = {http://dblp.uni-trier.de/rec/bib/journals/corr/MirowskiPVSBBDG16},
  bibsource = {dblp computer science bibliography, http://dblp.org}
}
@article{acrobot2015,
  author  = {Alborz Geramifard and Christoph Dann and Robert H. Klein and William Dabney and Jonathan P. How},
  title   = {RLPy: A Value-Function-Based Reinforcement Learning Framework for Education and Research},
  journal = {Journal of Machine Learning Research},
  year    = {2015},
  volume  = {16},
  pages   = {1573-1578},
  url     = {http://jmlr.org/papers/v16/geramifard15a.html}
}

@INPROCEEDINGS{acrobot1996,
    author = {Richard S. Sutton},
    title = {Generalization in Reinforcement Learning: Successful Examples Using Sparse Coarse Coding},
    booktitle = {Advances in Neural Information Processing Systems 8},
    year = {1996},
    pages = {1038--1044},
    publisher = {MIT Press}
}

@misc{gym,
        Author = {Greg Brockman and Vicki Cheung and Ludwig Pettersson and Jonas Schneider and John Schulman and Jie Tang and Wojciech Zaremba},
        Title = {OpenAI Gym},
        Year = {2016},
        Eprint = {arXiv:1606.01540},
}


@article{lstm,
author = {Hochreiter, Sepp and Schmidhuber, J\"{u}rgen},
title = {Long Short-Term Memory},
journal = {Neural Comput.},
issue_date = {November 15, 1997},
volume = {9},
number = {8},
month = nov,
year = {1997},
issn = {0899-7667},
pages = {1735--1780},
numpages = {46},
url = {http://dx.doi.org/10.1162/neco.1997.9.8.1735},
doi = {10.1162/neco.1997.9.8.1735},
acmid = {1246450},
publisher = {MIT Press},
address = {Cambridge, MA, USA},
} 
@article{grus,
  author    = {Junyoung Chung and
               {\c{C}}aglar G{\"{u}}l{\c{c}}ehre and
               KyungHyun Cho and
               Yoshua Bengio},
  title     = {Empirical Evaluation of Gated Recurrent Neural Networks on Sequence
               Modeling},
  journal   = {CoRR},
  volume    = {abs/1412.3555},
  year      = {2014},
  url       = {http://arxiv.org/abs/1412.3555},
  timestamp = {Thu, 01 Jan 2015 19:51:08 +0100},
  biburl    = {http://dblp.uni-trier.de/rec/bib/journals/corr/ChungGCB14},
  bibsource = {dblp computer science bibliography, http://dblp.org}
}

@incollection{barto-cartpole,
author = {Barto, Andrew G. and Sutton, Richard S. and Anderson, Charles W.},
chapter = {Neuronlike Adaptive Elements That Can Solve Difficult Learning Control Problems},
title = {Artificial Neural Networks},
editor = {Diederich, Joachim},
year = {1990},
isbn = {0-8186-2015-3},
pages = {81--93},
numpages = {13},
url = {http://dl.acm.org/citation.cfm?id=104134.104143},
acmid = {104143},
publisher = {IEEE Press},
address = {Piscataway, NJ, USA},
} 

@article{adam,
author    = {Diederik P. Kingma and
Jimmy Ba},
title     = {Adam: {A} Method for Stochastic Optimization},
journal   = {CoRR},
volume    = {abs/1412.6980},
year      = {2014},
url       = {http://arxiv.org/abs/1412.6980},
timestamp = {Thu, 01 Jan 2015 19:51:08 +0100},
biburl    = {http://dblp.uni-trier.de/rec/bib/journals/corr/KingmaB14},
bibsource = {dblp computer science bibliography, http://dblp.org}
}
